@article{do1988constituiccao,
  title={Constitui{\c{c}}{\~a}o da rep{\'u}blica federativa do Brasil},
  author={Brasil, Senado Federal},
  journal={Bras{\'\i}lia: Senado Federal, Centro Gr{\'a}fico},
  year={1988}
}

@article{machado2012principios,
	title={Princ{\'\i}pios da pol{\'\i}tica nacional de res{\'\i}duos s{\'o}lidos},
	author={Machado, Paulo Affonso Leme},
	journal={Revista do Tribunal Regional Federal da 1{\textordfeminine} Regi{\~a}o},
	volume={24},
	number={7},
	pages={25--33},
	year={2012}
}

@misc{L979597:online,
	author = {Brasil},
	title = {LEI No 9.795, DE 27 DE ABRIL DE 1999.},
	howpublished = {\url{http://www.planalto.gov.br/ccivil_03/leis/l9795.htm}},
	month = {},
	year = {1999},
	note = {(Acessado em 09/05/2019)}
}